@Manual{R-base,
  title = {R: A Language and Environment for Statistical
           Computing},
  author = {{R Core Team}},
  organization = {R Foundation for Statistical Computing},
  address = {Vienna, Austria},
  year = {2019},
  url = {https://www.R-project.org},
}
@misc{nrcc,
    author = {NRCC},
    title = {Climate Information for Mosquito Control & Public Health Officials, Degree Days},
    year = {2023},
    howpublished = {\url{http://www.nrcc.cornell.edu/industry/mosquito/degreedays.html}},
    note = {Accessed: 2023-08-18}
}
@article{ref_fx, 
    author = {{Benedum}, {Shea}, {Jenkins}, {Kim}, {Markuzon}},
    year = {2020},
    title = {Weekly dengue forecasts in Iquitos, Peru; San Juan, Puerto Rico; and Singapore},
    journal = {PLoS Neglected Tropical Diseases},
    volume = {14},
    number = {10},
    pages = {e0008710},
    doi = {https://doi.org/10.1371/journal.pntd.0008710}
}


