@Manual{R-base,
  title = {R: A Language and Environment for Statistical
           Computing},
  author = {{R Core Team}},
  organization = {R Foundation for Statistical Computing},
  address = {Vienna, Austria},
  year = {2019},
  url = {https://www.R-project.org},
}
@article{garen_1992,
  author = {David C. Garen },
  title = {Improved Techniques in Regression‚ÄêBased Streamflow Volume Forecasting},
  journal = {Journal of Water Resources Planning and Management},
  volume = {118},
  number = {6},
  pages = {654-670},
  year = {1992},
  doi = {10.1061/(ASCE)0733-9496(1992)118:6(654)},
  URL = {https://ascelibrary.org/doi/abs/10.1061/%28ASCE%290733-9496%281992%29118%3A6%28654%29},
  eprint = {https://ascelibrary.org/doi/pdf/10.1061/%28ASCE%290733-9496%281992%29118%3A6%28654%29}
}
@article{ilhan_2022,
  author = {Akin Ilhan},
  title = {Forecasting of river water flow rate with machine learning},
  journal = {Neural Computing and Applications},
  volume = {34},
  number = {22},
  year = {2022},
  doi = {10.1007/s00521-022-07576-9},
  URL = {https://doi.org/10.1007/s00521-022-07576-9}
}
@article{ghadimi_2022,
  title={A new evolutionary time series model for streamflow forecasting in boreal lake-river systems},
  author={Danandeh Mehr, Ali and Ghadimi, Sahand and Marttila, Hannu and Torabi Haghighi, Ali},
  journal={Theoretical and Applied Climatology},
  volume={148},
  number={1},
  pages={255-268},
  year={2022},
  doi={10.1007/s00704-022-03939-3},
  url={https://doi.org/10.1007/s00704-022-03939-3}
}
@misc{NWS,
  author = {National Weather Service},
  title = {Northwest River Forecast Center},
  year = {2023},
  url = {https://www.nwrfc.noaa.gov/rfc/},
  note = {Accessed: 2023-07-21}
}

